@article{glasser2015multi,
  title="{A Multi-Modal Parcellation of Human Cerebral Cortex}",
  author={Glasser, Matthew F. and Coalson, Timothy S. and Robinson, Emma C. and Hacker, Carl D. and Harwell, John and Yacoub, Essa and Ugurbil, Kamil and Andersson, Jesper and Beckmann, Christian F. and Jenkinson, Mark and others},
  journal={Nature},
  year={2015}
}

% up tp 10 names

@article{jack2008alzheimer,
  title="{The Alzheimer's Disease Neuroimaging Initiative (ADNI): MRI Methods}",
  author={Jack Jr, Clifford R. and Bernstein, Matt A. and Fox, Nick C. and Thompson, Paul and Alexander, Gene and Harvey, Danielle and Borowski, Bret and Britson, Paula J. and L. Whitwell, Jennifer and Ward, Chadwick and others},
  journal={Journal of Magnetic Resonance Imaging: An Official Journal of the International Society for Magnetic Resonance in Medicine},
  volume={27},
  number={4},
  pages={685--691},
  year={2008},
  publisher={Wiley Online Library}
}

%up to 10 names

@article{mennes2013making,
  title="{Making Data Sharing Work: The FCP/INDI Experience}",
  author={Mennes, Maarten and Biswal, Bharat B. and Castellanos, F. Xavier and Milham, Michael P.},
  journal={Neuroimage},
  volume={82},
  pages={683--691},
  year={2013},
  publisher={Elsevier}
}

@article{milham2012open,
  title="{Open Neuroscience Solutions for the Connectome-Wide Association Era}",
  author={Milham, Michael Peter},
  journal={Neuron},
  volume={73},
  number={2},
  pages={214--218},
  year={2012},
  publisher={Elsevier}
}


@article{van2012human,
  title="{The Human Connectome Project: A Data Acquisition Perspective}",
  author={Van Essen, David C. and Ugurbil, Kamil and Auerbach, Edward and Barch, Deanna and Behrens, Timothy EJ and Bucholz, Richard and Chang, Acer and Chen, Liyong and Corbetta, Maurizio and Curtiss, Sandra W. and others},
  journal={Neuroimage},
  volume={62},
  number={4},
  pages={2222--2231},
  year={2012},
  publisher={Elsevier}
}



@article{glasser2013minimal,
  title="{The Minimal Preprocessing Pipelines for the Human Connectome Project}",
  author={Glasser, Matthew F. and Sotiropoulos, Stamatios N. and Wilson, J. Anthony and Coalson, Timothy S. and Fischl, Bruce and Andersson, Jesper L. and Xu, Junqian and Jbabdi, Saad and Webster, Matthew and Polimeni, Jonathan R. and others},
  journal={Neuroimage},
  volume={80},
  pages={105--124},
  year={2013},
  publisher={Elsevier}
}

% up to 10 names

@article{hasham2018cloud,
  title="{Cloud Infrastructure Provenance Collection and Management to Reproduce Scientific Workflows Execution}",
  author={Hasham, Khawar and Munir, Kamran and McClatchey, Richard},
  journal={Future Generation Computer Systems},
  volume={86},
  pages={799--820},
  year={2018},
  publisher={Elsevier}
}


@article{kennedy2016nitrc,
  title="{The NITRC Image Repository}",
  author={Kennedy, David N. and Haselgrove, Christian and Riehl, Jon and Preuss, Nina and Buccigrossi, Robert},
  journal={Neuroimage},
  volume={124},
  pages={1069--1073},
  year={2016},
  publisher={Elsevier}
}


@article{nichols2017best,
  title="{Best Practices in Data Analysis and Sharing in Neuroimaging Using MRI}",
  author={Nichols, Thomas E. and Das, Samir and Eickhoff, Simon B. and Evans, Alan C. and Glatard, Tristan and Hanke, Michael and Kriegeskorte, Nikolaus and Milham, Michael P. and Poldrack, Russell A. and Poline, Jean-Baptiste and others},
  journal={Nature Neuroscience},
  volume={20},
  number={3},
  pages={299},
  year={2017},
  publisher={Nature Publishing Group}
}

%up to 10 names

@article{di2017nextflow,
  title="{Nextflow Enables Reproducible Computational Workflows}",
  author={Di Tommaso, Paolo and Chatzou, Maria and Floden, Evan W. and Barja, Pablo Prieto and Palumbo, Emilio and Notredame, Cedric},
  journal={Nature Biotechnology},
  volume={35},
  number={4},
  pages={316},
  year={2017},
  publisher={Nature Publishing Group}
}


@article{baker20161,
  title="{1,500 Scientists Lift the Lid on Reproducibility}",
  author={Baker, Monya},
  journal={Nature News},
  volume={533},
  number={7604},
  pages={452},
  year={2016}
}


@article{jovicich2009mri,
  title="{MRI-Derived Measurements of Human Subcortical, Ventricular and Intracranial Brain Volumes: Reliability Effects of Scan Sessions, Acquisition Sequences, Data Analyses, Scanner Upgrade, Scanner Vendors and Field Strengths}",
  author={Jovicich, Jorge and Czanner, Silvester and Han, Xiao and Salat, David and van der Kouwe, Andre and Quinn, Brian and Pacheco, Jenni and Albert, Marilyn and Killiany, Ronald and Blacker, Deborah and others},
  journal={Neuroimage},
  volume={46},
  number={1},
  pages={177--192},
  year={2009},
  publisher={Elsevier}
}

% Up to 10 names

@article{wilkinson2016fair,
  title="{The FAIR Guiding Principles for Scientific Data Management and Stewardship}",
  author={Wilkinson, Mark D. and Dumontier, Michel and Aalbersberg, IJsbrand Jan and Appleton, Gabrielle and Axton, Myles and Baak, Arie and Blomberg, Niklas and Boiten, Jan-Willem and da Silva Santos, Luiz Bonino and Bourne, Philip E. and others},
  journal={Scientific Data},
  volume={3},
  year={2016},
  publisher={Nature Publishing Group}
}

% up to 10 names


@article{lehmann2010atrophy,
  title="{Atrophy Patterns in Alzheimer's Disease and Semantic Dementia: A Comparison of FreeSurfer and Manual Volumetric Measurements}",
  author={Lehmann, Manja and Douiri, Abdel and Kim, Lois G. and Modat, Marc and Chan, Dennis and Ourselin, Sebastien and Barnes, Josephine and Fox, Nick C.},
  journal={Neuroimage},
  volume={49},
  number={3},
  pages={2264--2274},
  year={2010},
  publisher={Elsevier}
}


@article{kuperberg2003regionally,
  title="{Regionally Localized Thinning of the Cerebral Cortex in Schizophrenia}",
  author={Kuperberg, Gina R. and Broome, Matthew R. and McGuire, Philip K. and David, Anthony S. and Eddy, Marianna and Ozawa, Fujiro and Goff, Donald and West, W. Caroline and Williams, Steven CR and van der Kouwe, Andre JW and others},
  journal={Archives of General Psychiatry},
  volume={60},
  number={9},
  pages={878--888},
  year={2003},
  publisher={American Medical Association}
}


% up to 10 names

@inproceedings{Krefting2011,
  title="{Reliability of Quantitative Neuroimage Analysis Using Freesurfer in Distributed Environments}",
  author={Krefting, Dagmar and Scheel, Michael and Freing, Alina and Specovius, Svenja and Paul, Friedemann and Brandt, Alexander},
  booktitle={MICCAI Workshop on High-Performance and Distributed Computing for Medical Imaging.(Toronto, ON)},
  year={2011}
}


@inproceedings{Lindsay2017hbm,
  title="{Robustness and Reliability of Cortical Surface Reconstruction in CIVET and FreeSurfer}",
  author={Lewis, Lindsay and Lepage, Claude and Khalili-Mahani, Najmeh and Omidyeganeh, Mona and Jeon, Seun and Bermudez, Patrick and Zijdenbos, Alex and Vincent, Robert and Adalat, Reza and Evans, Alan},
  booktitle={Annual Meeting of the Organization for Human Brain Mapping},
  year={2017}
}

@inproceedings{Lindsay2018hbm,
  title="{Utilizing the BigBrain as Ground Truth for Evaluation of CIVET \& Freesurfer Structural MRI Pipelines}",
  author={Lindsay B. Lewis and Claude Y. Lepage and Alan C. Evans},
  booktitle={Annual Meeting of the Organization for Human Brain Mapping},
  year={2018}
}


@inproceedings{taufer2010improving,
  title="{Improving Numerical Reproducibility and Stability in Large-Scale Numerical Simulations on GPUs}",
  author={Taufer, Michela and Padron, Omar and Saponaro, Philip and Patel, Sandeep},
  booktitle={Parallel \& Distributed Processing (IPDPS), 2010 IEEE International Symposium on},
  pages={1--9}, 
  year={2010}, 
  organization={IEEE}
 } 
@article{muller2018reproducible,
  title="{Reproducible Floating-Point Aggregation in RDBMSs}",
  author={M{\"u}ller, Ingo and Arteaga, Andrea and Hoefler, Torsten and Alonso, Gustavo},
  journal={arXiv Preprint arXiv:1802.09883},
  year={2018}
}

@book{kiusalaas2013numerical,
  title="{Numerical Methods in Engineering with Python 3}",
  author={Kiusalaas, Jaan},
  year={2013},
  publisher={Cambridge University Press}
}


@misc{ wiki:trunc-error,
    author = "{Wikipedia contributors}",
    title = "{Truncation Error (numerical integration) --- {Wikipedia}{,} The Free Encyclopedia}",
    year = "2021",
    howpublished = "\url{https://en.wikipedia.org/w/index.php?title=Truncation_error_(numerical_integration)&oldid=858372770}",
    note = "[Online; accessed 6-October-2021]"
  }
  

@article{fadnavis1998some,
  title="{Some Numerical Experiments on Round-Off Error Growth in Finite Precision Numerical Computation}",
  author={Fadnavis, Suvarna},
  journal={arXiv preprint physics/9807003},
  year={1998}
}

@article{stodden2016enhancing,
  title="{Enhancing Reproducibility for Computational Methods}",
  author={Stodden, Victoria and McNutt, Marcia and Bailey, David H. and Deelman, Ewa and Gil, Yolanda and Hanson, Brooks and Heroux, Michael A. and Ioannidis, John PA and Taufer, Michela},
  journal={Science},
  volume={354},
  number={6317},
  pages={1240--1241},
  year={2016},
  publisher={American Association for the Advancement of Science}
}

@article{breiman1996bagging,
  title="{Bagging Predictors}",
  author={Breiman, Leo},
  journal={Machine Learning},
  volume={24},
  number={2},
  pages={123--140},
  year={1996},
  publisher={Springer}
}

@article{breiman1996heuristics,
  title="{Heuristics of Instability and Stabilization in Model Selection}",
  author={Breiman, Leo},
  journal={The Annals of Statistics},
  volume={24},
  number={6},
  pages={2350--2383},
  year={1996},
  publisher={Institute of Mathematical Statistics}
}

@article{am2018cloud,
  title="{Cloud Infrastructure Provenance Collection and Management to Reproduce Scientific Workflows Execution}",
  author={Hasham, Khawar and Munir, Kamran and McClatchey, Richard},
  journal={Future Generation Computer Systems},
  volume={86},
  pages={799--820},
  year={2018},
  publisher={Elsevier}
}
  
@inproceedings{missier2013w3c,
  title="{The W3C PROV Family of Specifications for Modelling Provenance Metadata}",
  author={Missier, Paolo and Belhajjame, Khalid and Cheney, James},
  booktitle={Proceedings of the 16th International Conference on Extending Database Technology},
  pages={773--776},
  year={2013},
  organization={ACM}
}

@article{revol2014numerical,
  title="{Numerical Reproducibility and Parallel Computations: Issues for Interval Algorithms}",
  author={Revol, Nathalie and Th{\'e}veny, Philippe},
  journal={IEEE Transactions on Computers},
  volume={63},
  number={8},
  pages={1915--1924},
  year={2014},
  publisher={IEEE}
}


@inproceedings{chirigati2016reprozip,
  title="{Reprozip: Computational reproducibility with Ease}",
  author={Chirigati, Fernando and Rampin, R{\'e}mi and Shasha, Dennis and Freire, Juliana},
  booktitle={Proceedings of the 2016 International Conference on Management of Data},
  pages={2085--2088},
  year={2016},
  organization={ACM}
}


@article{duben2014use,
 title="{The Use of Imprecise Processing to Improve Accuracy in Weather \& Climate Prediction}",
 author={D{\"u}ben, Peter D. and McNamara, Hugh and Palmer, Tim N.},
 journal={Journal of Computational Physics},
 volume={271},
 pages={2--18},
 year={2014},
 publisher={Elsevier}
}

@inproceedings{demmel2013numerical,
 title="{Numerical Reproducibility and Accuracy at Exascale}",
 author={Demmel, James and Nguyen, Hong Diep},
 booktitle={2013 IEEE 21st Symposium on Computer Arithmetic},
 pages={235--237},
 year={2013},
 organization={IEEE}
}

@article{watson2008virtualbox,
  title="{Virtualbox: Bits and Bytes Masquerading as Machines}",
  author={Watson, Jon},
  journal={Linux Journal},
  volume={2008},
  number={166},
  pages={1},
  year={2008},
  publisher={Belltown Media}
}

@misc{ wiki:vmware,
    author = "{Wikipedia contributors}",
    title = "{VMware Workstation --- {Wikipedia}{,} The Free Encyclopedia}",
    year = "2021",
    url = "https://en.wikipedia.org/w/index.php?title=VMware_Workstation&oldid=861511462",
    note = "[Online; accessed 6-October-2021]"
  }
  
@inproceedings{kivity2007kvm,
  title="{kvm: The Linux Virtual Machine Monitor}",
  author={Kivity, Avi and Kamay, Yaniv and Laor, Dor and Lublin, Uri and Liguori, Anthony},
  booktitle={Proceedings of the Linux symposium},
  volume={1},
  pages={225--230},
  year={2007},
  organization={Dttawa, Dntorio, Canada}
}
%do not capitalize kvm

@article{kurtzer2017singularity,
  title="{Singularity: Scientific Containers for Mobility of Compute}",
  author={Kurtzer, Gregory M. and Sochat, Vanessa and Bauer, Michael W.},
  journal={PloS One},
  volume={12},
  number={5},
  pages={e0177459},
  year={2017},
  publisher={Public Library of Science}
}

@article{boettiger2015introduction,
  title="{An Introduction to Docker for Reproducible Research}",
  author={Boettiger, Carl},
  journal={ACM SIGOPS Operating Systems Review},
  volume={49},
  number={1},
  pages={71--79},
  year={2015},
  publisher={ACM}
}

@inproceedings{janin2014care,
  title="{CARE, the Comprehensive Archiver for Reproducible Execution}",
  author={Janin, Yves and Vincent, C{\'e}dric and Duraffort, R{\'e}mi},
  booktitle={Proceedings of the 1st ACM SIGPLAN Workshop on Reproducible Research Methodologies and New Publication Models in Computer Engineering},
  pages={1},
  year={2014},
  organization={ACM}
}

@article{guo2012cde,
  title="{CDE: A Tool for Creating Portable Experimental Software Packages}",
  author={Guo, Philip},
  journal={Computing in Science \& Engineering},
  volume={14},
  number={4},
  pages={32--35},
  year={2012},
  publisher={IEEE}
}

@article{oinn2004taverna,
  title="{Taverna: A Tool for the Composition and Enactment of Bioinformatics Workflows}",
  author={Oinn, Tom and Addis, Matthew and Ferris, Justin and Marvin, Darren and Senger, Martin and Greenwood, Mark and Carver, Tim and Glover, Kevin and Pocock, Matthew R. and Wipat, Anil and others},
  journal={Bioinformatics},
  volume={20},
  number={17},
  pages={3045--3054},
  year={2004},
  publisher={Oxford University Press}
}

%Up to 10 names

@article{achterberg2016fastr,
  title="{Fastr: A Workflow Engine for Advanced Data Flows in Medical Image Analysis}",
  author={Achterberg, Hakim C. and Koek, Marcel and Niessen, Wiro J.},
  journal={Frontiers in ICT},
  volume={3},
  pages={15},
  year={2016},
  publisher={Frontiers}
}

@article{gorgolewski2011nipype,
  title="{Nipype: A Flexible, Lightweight and Extensible Neuroimaging Data Processing Framework in Python}",
  author={Gorgolewski, Krzysztof and Burns, Christopher D. and Madison, Cindee and Clark, Dav and Halchenko, Yaroslav O. and Waskom, Michael L. and Ghosh, Satrajit S.},
  journal={Frontiers in neuroinformatics},
  volume={5},
  pages={13},
  year={2011},
  publisher={Frontiers}
}

@article{eklund2016cluster,
  title="{Cluster Failure: Why fMRI Inferences for Spatial Extent Have Inflated False-Positive Rates}",
  author={Eklund, Anders and Nichols, Thomas E. and Knutsson, Hans},
  journal={Proceedings of the National Academy of Sciences},
  pages={201602413},
  year={2016},
  publisher={National Acad Sciences}
}

@article{bennett2011developmental,
  title="{A Developmental Model of Intercultural Sensitivity}",
  author={Bennett, Milton J. and Hammer, Mitchell},
  journal={Retrieved},
  volume={12},
  pages={13},
  year={2011}
}

@article{maumet2016sharing,
  title="{Sharing Brain Mapping Statistical Results with the Neuroimaging Data Model}",
  author={Maumet, Camille and Auer, Tibor and Bowring, Alexander and Chen, Gang and Das, Samir and Flandin, Guillaume and Ghosh, Satrajit and Glatard, Tristan and Gorgolewski, Krzysztof J. and Helmer, Karl G. and others},
  journal={Scientific data},
  volume={3},
  pages={160102},
  year={2016},
  publisher={Nature Publishing Group}
}

% up to 10 names

@inproceedings{cheney2012principles,
  title="{Principles of Provenance (Dagstuhl Seminar 12091)}",
  author={Cheney, James and Finkelstein, Anthony and Lud{\"a}scher, Bertram and Vansummeren, Stijn},
  booktitle={Dagstuhl Reports},
  volume={2},
  year={2012},
  organization={Schloss Dagstuhl-Leibniz-Zentrum fuer Informatik}
}

@article{gorgolewski2016brain,
  title="{The Brain Imaging Data Structure, a Format for Organizing and Describing Outputs of Neuroimaging Experiments}",
  author={Gorgolewski, Krzysztof J. and Auer, Tibor and Calhoun, Vince D. and Craddock, R. Cameron and Das, Samir and Duff, Eugene P. and Flandin, Guillaume and Ghosh, Satrajit S. and Glatard, Tristan and Halchenko, Yaroslav O. and others},
  journal={Scientific Data},
  volume={3},
  pages={160044},
  year={2016},
  publisher={Nature Publishing Group}
}

% up to 10 names

@article{sherif2014cbrain,
  title="{CBRAIN: A Web-Based, Distributed Computing Platform for Collaborative Neuroimaging Research}",
  author={Sherif, Tarek and Rioux, Pierre and Rousseau, Marc-Etienne and Kassis, Nicolas and Beck, Natacha and Adalat, Reza and Das, Samir and Glatard, Tristan and Evans, Alan C.},
  journal={Frontiers in Neuroinformatics},
  volume={8},
  pages={54},
  year={2014},
  publisher={Frontiers}
}

@misc{wiki2018out-of-order,
   author = "{Wikipedia contributors}",
   title = "{Out-of-Order Execution --- {Wikipedia}{,} The Free Encyclopedia}",
   year = "2021",
   url = "https://en.wikipedia.org/w/index.php?title=Out-of-order_execution&oldid=861718736",
   note = "[Online; accessed 6-October-2021]"
 }

@misc{FSL-Wiki,
  title = "{FSL-FslWiki}",
  howpublished = {\url{https://fsl.fmrib.ox.ac.uk/fsl/fslwiki/}},
  note = "[Online; accessed 6-October-2021]"
}

@misc{spm,
  title = "{SPM-Statistical Parametric Mapping.}",
  howpublished = {\url{https://www.fil.ion.ucl.ac.uk/spm/}},
  note = "[Online; accessed 6-October-2021]"
}

@misc{nidm-results,
  title = "{Neuroimagin Data Model. NIDM-Results}",
  howpublished = {\url{http://nidm.nidash.org/specs/nidm-results_130.html}},
  note = "[Online; accessed 6-October-2021]"
}

@misc{acm2016terminology,
    title = "{Association for Computing Machinery. Artifact Review and Badging.}",
    year = {2021},
    url = {Available online at: https://www.acm.org/publications/policies/artifact-review-badging},
    note = "[Online; accessed 6-October-2021]"
}

@article{schwab2000making,
  title="{Making Scientific Computations Reproducible}",
  author={Schwab, Matthias and Karrenbach, N. and Claerbout, Jon},
  journal={Computing in Science \& Engineering},
  volume={2},
  number={6},
  pages={61--67},
  year={2000},
  publisher={IEEE}
}

@article{donoho2009reproducible,
  title="{Reproducible Research in Computational Harmonic Analysis}",
  author={Donoho, David L. and Maleki, Arian and Rahman, Inam Ur and Shahram, Morteza and Stodden, Victoria},
  journal={Computing in Science \& Engineering},
  volume={11},
  number={1},
  year={2009},
  publisher={IEEE}
}

@article{goodman2016does,
  title="{What Does Research Reproducibility Mean?}",
  author={Goodman, Steven N. and Fanelli, Daniele and Ioannidis, John PA},
  journal={Science Translational Medicine},
  volume={8},
  number={341},
  pages={341ps12--341ps12},
  year={2016},
  publisher={American Association for the Advancement of Science}
}

@article{gruning2018practical,
  title="{Practical Computational Reproducibility in the Life Sciences}",
  author={Gr{\"u}ning, Bj{\"o}rn and Chilton, John and K{\"o}ster, Johannes and Dale, Ryan and Soranzo, Nicola and van den Beek, Marius and Goecks, Jeremy and Backofen, Rolf and Nekrutenko, Anton and Taylor, James},
  journal={Cell Systems},
  volume={6},
  number={6},
  pages={631--635},
  year={2018},
  publisher={Elsevier}
}

@article{cox1996afni,
  title="{{AFNI}: Software for Analysis and Visualization of Functional Magnetic Resonance Neuroimages}",
  author={Cox, Robert W.},
  journal={Computers and Biomedical Research},
  volume={29},
  number={3},
  pages={162--173},
  year={1996},
  publisher={Elsevier}
}

@article{tournier2012mrtrix,
  title="{MRtrix: Diffusion Tractography in Crossing Fiber Regions}",
  author={Tournier, J-Donald and Calamante, Fernando and Connelly, Alan},
  journal={International Journal of Imaging Systems and Technology},
  volume={22},
  number={1},
  pages={53--66},
  year={2012},
  publisher={Wiley Online Library}
}


@article{garyfallidis2014dipy,
  title="{Dipy, a Library for the Analysis of Diffusion MRI Data}",
  author={Garyfallidis, Eleftherios and Brett, Matthew and Amirbekian, Bagrat and Rokem, Ariel and Van Der Walt, Stefan and Descoteaux, Maxime and Nimmo-Smith, Ian},
  journal={Frontiers in Neuroinformatics},
  volume={8},
  pages={8},
  year={2014},
  publisher={Frontiers}
}


@article{passerat2017reproducible,
  title="{Reproducible Large-Scale Neuroimaging Studies with the OpenMOLE Workflow Management System}",
  author={Passerat-Palmbach, Jonathan and Reuillon, Romain and Leclaire, Mathieu and Makropoulos, Antonios and Robinson, Emma C. and Parisot, Sarah and Rueckert, Daniel},
  journal={Frontiers in neuroinformatics},
  volume={11},
  pages={21},
  year={2017},
  publisher={Frontiers}
}

@inproceedings{mackenzie2008neuroimaging,
  title="{Neuroimaging Data Provenance Using the LONI Pipeline Workflow Environment}",
  author={MacKenzie-Graham, Allan J. and Payan, Arash and Dinov, Ivo D. and Van Horn, John D. and Toga, Arthur W.},
  booktitle={International Provenance and Annotation Workshop},
  pages={208--220},
  year={2008},
  organization={Springer}
}

@article{rex2003loni,
  title="{The LONI Pipeline Processing Environment}",
  author={Rex, David E. and Ma, Jeffrey Q. and Toga, Arthur W.},
  journal={Neuroimage},
  volume={19},
  number={3},
  pages={1033--1048},
  year={2003},
  publisher={Elsevier}
}


@inproceedings{callahan2006vistrails,
  title="{VisTrails: Visualization Meets Data Management}",
  author={Callahan, Steven P. and Freire, Juliana and Santos, Emanuele and Scheidegger, Carlos E. and Silva, Cl{\'a}udio T. and Vo, Huy T.},
  booktitle={Proceedings of the 2006 ACM SIGMOD International Conference on Management of Data},
  pages={745--747},
  year={2006},
  organization={ACM}
}


@inproceedings{ad2006civet,
  title="{The CIVET Image-Processing Environment: A Fully Automated Comprehensive Pipeline for Anatomical Neuroimaging Research}",
  author={Ad-Dab’bagh, Yasser and Lyttelton, O. and Muehlboeck, JS and Lepage, C. and Einarson, D. and Mok, K. and Ivanov, O. and Vincent, RD and Lerch, J. and Fombonne, E. and others},
  booktitle={Proceedings of the 12th Annual Meeting of the Organization for Human Brain Mapping},
  pages={2266},
  year={2006},
  organization={Florence, Italy}
}

%Up to 10 names

@article{wadi2016impact,
  title="{Impact of Outdated Gene Annotations on Pathway Enrichment Analysis}",
  author={Wadi, Lina and Meyer, Mona and Weiser, Joel and Stein, Lincoln D. and Reimand, J{\"u}ri},
  journal={Nature Methods},
  volume={13},
  number={9},
  pages={705},
  year={2016},
  publisher={Nature Publishing Group}
}

@article{ioannidis2005most,
  title="{Why Most Published Research Findings Are False}",
  author={Ioannidis, John PA},
  journal={PLoS Medicine},
  volume={2},
  number={8},
  pages={e124},
  year={2005},
  publisher={Public Library of Science}
}

@article{shim2015effect,
  title="{Effect of Software Version and Parameter Settings on the Marginal and Internal Adaptation of Crowns Fabricated with the CAD/CAM System}",
  author={Shim, Ji Suk and Lee, Jin Sook and Lee, Jeong Yol and Choi, Yeon Jo and Shin, Sang Wan and Ryu, Jae Jun},
  journal={Journal of Applied Oral Science},
  volume={23},
  number={5},
  pages={515--522},
  year={2015},
  publisher={SciELO Brasil}
}

@article{fanelli2009many,
title="{How Many Scientists Fabricate and Falsify Research? A Systematic
Review and Meta-Analysis of Survey Data}",
author={Fanelli, Daniele},
journal={PloS One},
volume={4},
number={5},
pages={e5738},
year={2009},
publisher={Public Library of Science}
}

@article{muller2017altered,
title="{Altered Brain Activity in Unipolar Depression Revisited: Meta-
Analyses of Neuroimaging Studies}",
author={M{\&quot;u}ller, Veronika I. and Cieslik, Edna C. and Serbanescu, Ilinca
and Laird, Angela R. and Fox, Peter T. and Eickhoff, Simon B.},
journal={JAMA Psychiatry},
volume={74},
number={1},
pages={47--55},
year={2017},
publisher={American Medical Association}
}

@misc{git,
    author = "{Torvalds, Linus and Hamano, Junio}",
    title = "{Git: A Free and Open Source Distributed Version Control System}",
    year = "2021",
    url = "https://git-scm.com/",
    note = "[Online; accessed 6-October-2021]"
  }

@misc{git-annex,
    author = "{Hess, Joey}",
    title = "{git-annex: A Distributed File Synchronization System Written in Haskell.}",
    year = "2021",
    url = "http://git-annex.branchable.com/",
    note = "[Online; accessed 6-October-2021]"
  }


@misc{git-lfs,
    author = "{Atlassian}",
    title = "{Git LFS - Large File Storage | Atlassian Git Tutorial}",
    year = "2021",
    url = "https://www.atlassian.com/git/tutorials/git-lfs",
    note = "[Online; accessed 6-October-2021]"
  }

% couldnt find the authors name


@article{datalad,
  title="{DataLad: Distributed System for Joint Management of Code, Data, and Their Relationship}",
  author={Halchenko, Yaroslav O. and Meyer, Kyle and Poldrack, Benjamin and Solanky, Debanjum Singh and Wagner, Adina S. and Gors, Jason and MacFarlane, Dave and Pustina, Dorian and Sochat, Vanessa and Ghosh, Satrajit S. and others},
  journal={Journal of Open Source Software},
  volume={6},
  number={63},
  pages={3262},
  year={2021}
}


@article{evans1992anatomical,
  title="{Anatomical Mapping of Functional Activation in Stereotactic Coordinate Space}",
  author={Evans, Alan C. and Marrett, Sean and Neelin, Peter and Collins, Louis and Worsley, Keith and Dai, Weiqian and Milot, Sylvain and Meyer, Ernst and Bub, Daniel},
  journal={Neuroimage},
  volume={1},
  number={1},
  pages={43--53},
  year={1992},
  publisher={Elsevier}
}

@article{das2012loris,
  title="{LORIS: A Web-Based Data Management System for Multi-Center Studies}",
  author={Das, Samir and Zijdenbos, Alex P. and Vins, Dario and Harlap, Jonathan and Evans, Alan C.},
  journal={Frontiers in Neuroinformatics},
  volume={5},
  pages={37},
  year={2012},
  publisher={Frontiers}
}

@article{marcus2007extensible,
  title="{The Extensible Neuroimaging Archive Toolkit}",
  author={Marcus, Daniel S. and Olsen, Timothy R. and Ramaratnam, Mohana and Buckner, Randy L.},
  journal={Neuroinformatics},
  volume={5},
  number={1},
  pages={11--33},
  year={2007},
  publisher={Springer}
}

@article{gorgolewski2017openneuro,
  title="{OpenNeuro—a Free Online Platform for Sharing and Analysis of Neuroimaging Data}",
  author={Gorgolewski, K. and Esteban, Oscar and Schaefer, Gunnar and Wandell, B. and Poldrack, R.},
  journal={Organization for Human Brain Mapping. Vancouver, Canada},
  volume={1677},
  year={2017}
}

%%%%%%%%%%%%%%%%%%%%%%%%%%%%%

@article{kennedy2019everything,
  title="{Everything Matters: The {ReproNim} Perspective on Reproducible Neuroimaging}",
  author={Kennedy, David N. and Abraham, Sanu A. and Bates, Julianna F. and Crowley, Albert and Ghosh, Satrajit and Gillespie, Tom and Goncalves, Mathias and Grethe, Jeffrey S. and Halchenko, Yaroslav O. and Hanke, Michael and others},
  journal={Frontiers in Neuroinformatics},
  volume={13},
  pages={1},
  year={2019},
  publisher={Frontiers}
}

% up to 10 names

@article{merkel2014docker,
  title="{Docker: Lightweight Linux Containers for Consistent Development and Deployment}",
  author={Merkel, Dirk},
  journal={Linux journal},
  volume={2014},
  number={239},
  pages={2},
  year={2014}
}

@book{beauzamy2004methodes,
  title="{M{\'e}thodes Probabilistes pour l'{\'e}tude des Ph{\'e}nom{\`e}nes R{\'e}els}",
  author={Beauzamy, Bernard},
  year={2004},
  publisher={Soci{\'e}t{\'e} de Calcul Math{\'e}matiques, SA" Algorithmes et Optimisation"}
}
[MPPR] Bernard Beauzamy:Méthodes probabilistes pour l’étude des phénomènes réels, ISBN:2-9521458-0-6, Editions de la SCM, March2004 (in French).Second edition, June 2016.


@article{mckinney2011pandas,
  title="{pandas: A Foundational Python Library for Data Analysis and Statistics}",
  author={McKinney, Wes},
  journal={Python for High Performance and Scientific Computing},
  volume={14},
  number={9},
  year={2011},
  publisher={Seattle}
}


@book{oliphant2006guide,
  title="{A Guide to NumPy}",
  author={Oliphant, Travis E.},
  volume={1},
  year={2006},
  publisher={Trelgol Publishing USA}
} 

@article{pedregosa2011scikit,
  title="{Scikit-learn: Machine learning in Python}",
  author={Pedregosa, Fabian and Varoquaux, Ga{\"e}l and Gramfort, Alexandre and Michel, Vincent and Thirion, Bertrand and Grisel, Olivier and Blondel, Mathieu and Prettenhofer, Peter and Weiss, Ron and Dubourg, Vincent and others},
  journal={The Journal of Machine Learning Research},
  volume={12},
  pages={2825--2830},
  year={2011},
  publisher={JMLR. org}
}

@article{zhang1989simple,
  title="{Simple Fast Algorithms for the Editing Distance between Trees and Related Problems}",
  author={Zhang, Kaizhong and Shasha, Dennis},
  journal={SIAM Journal on Computing},
  volume={18},
  number={6},
  pages={1245--1262},
  year={1989},
  publisher={SIAM}
}

@article{dice1945measures,
  title="{Measures of the Amount of Ecologic Association Between Species}",
  author={Dice, Lee R.},
  journal={Ecology},
  volume={26},
  number={3},
  pages={297--302},
  year={1945},
  publisher={JSTOR}
}


@article{jaccard1912distribution,
  title="{The Distribution of the Flora in the Alpine Zone. 1}",
  author={Jaccard, Paul},
  journal={New phytologist},
  volume={11},
  number={2},
  pages={37--50},
  year={1912},
  publisher={Wiley Online Library}
}

@article{glatard2018boutiques,
  title="{Boutiques: A Flexible Framework to Integrate Command-Line Applications in Computing Platforms}",
  author={Glatard, Tristan and Kiar, Gregory and Aumentado-Armstrong, Tristan and Beck, Natacha and Bellec, Pierre and Bernard, R{\'e}mi and Bonnet, Axel and Brown, Shawn T. and Camarasu-Pop, Sorina and Cervenansky, Fr{\'e}d{\'e}ric and others},
  journal={GigaScience},
  volume={7},
  number={5},
  pages={giy016},
  year={2018},
  publisher={Oxford University Press}
}

%Up tp 10 Names


@ARTICLE{2020SciPy-NMeth,
       author = {{Virtanen}, Pauli and {Gommers}, Ralf and {Oliphant},
         Travis E. and {Haberland}, Matt and {Reddy}, Tyler and
         {Cournapeau}, David and {Burovski}, Evgeni and {Peterson}, Pearu
         and {Weckesser}, Warren and {Bright}, Jonathan and others},
        title = "{SciPy 1.0: Fundamental Algorithms for Scientific Computing in Python}",
      journal = {Nature Methods},
      year = "2020",
      volume={17},
      pages={261--272},
      adsurl = {https://rdcu.be/b08Wh},
      doi = {https://doi.org/10.1038/s41592-019-0686-2},
}

%Up to 10 names

@inproceedings{jezequel2015estimation,
  title="{Estimation of Numerical Reproducibility on CPU and GPU}",
  author={J{\'e}z{\'e}quel, Fabienne and Lamotte, Jean-Luc and Sa{\"\i}d, Issam},
  booktitle={2015 Federated Conference on Computer Science and Information Systems (FedCSIS)},
  pages={675--680},
  year={2015},
  organization={IEEE}
}

@article{diethelm2011limits,
  title="{The Limits of Reproducibility in Numerical Simulation}",
  author={Diethelm, Kai},
  journal={Computing in Science \& Engineering},
  volume={14},
  number={1},
  pages={64--72},
  year={2011},
  publisher={IEEE}
}


@article{rampin2016reprozip,
  title="{ReproZip: The Reproducibility Packer}",
  author={Rampin, R{\'e}mi and Chirigati, Fernando and Shasha, Dennis and Freire, Juliana and Steeves, Vicky},
  journal={Journal of Open Source Software},
  volume={1},
  number={8},
  pages={107},
  year={2016}
}


@article{salari2020global,
  title="{Supporting Data for "File-Based Localization of Numerical Perturbations in Data Analysis Pipelines"}",
  author={Salari, Ali and Kiar, Gregory and Lewis, Lindsay and Evans, Alan C. and Glatard, Tristan},
  journal={GigaScience Database},
  year={2020},
  doi = {10.5524/100801},
  url = {http://dx.doi.org/10.5524/100801}
}


@article{plesser2018reproducibility,
  title="{Reproducibility vs. Replicability: A Brief History of a Confused Terminology}",
  author={Plesser, Hans E.},
  journal={Frontiers in Neuroinformatics},
  volume={11},
  pages={76},
  year={2018},
  publisher={Frontiers}
}

@book{stoer2013introduction,
  title="{Introduction to Numerical Analysis}",
  author={Stoer, Josef and Bulirsch, Roland},
  volume={12},
  year={2013},
  publisher={Springer Science \& Business Media}
}


@article{peng2011reproducible,
  title="{Reproducible Research in Computational Science}",
  author={Peng, Roger D.},
  journal={Science},
  volume={334},
  number={6060},
  pages={1226--1227},
  year={2011},
  publisher={American Association for the Advancement of Science}
}

@incollection{hill2017numerical,
  title="{Numerical Reproducibility of Parallel and Distributed Stochastic Simulation Using High-Performance Computing}",
  author={Hill, David RC},
  booktitle={Computational Frameworks},
  pages={95--109},
  year={2017},
  publisher={Elsevier}
}


@article{diethelm2012limits,
  title="{The Limits of Reproducibility in Numerical Simulation}",
  author={Diethelm, Kai},
  journal={Computing in Science \& Engineering},
  volume={14},
  number={1},
  pages={64--72},
  year={2012},
  publisher={AIP Publishing}
}

@article{hickey2001interval,
  title="{Interval Arithmetic: From Principles to Implementation}",
  author={Hickey, Timothy and Ju, Qun and Van Emden, Maarten H.},
  journal={Journal of the ACM (JACM)},
  volume={48},
  number={5},
  pages={1038--1068},
  year={2001},
  publisher={ACM}
}


@article{bhagwat2020understanding,
  title="{Understanding the Impact of Preprocessing Pipelines on Neuroimaging Cortical Surface Analyses}",
  author={Bhagwat, Nikhil and Barry, Amadou and Dickie, Erin W. and Brown, Shawn T. and Devenyi, Gabriel A. and Hatano, Koji and DuPre, Elizabeth and Dagher, Alain and Chakravarty, M. Mallar and Greenwood, Celia MT and others},
  journal={bioRxiv},
  year={2020},
  publisher={Cold Spring Harbor Laboratory}
}

@article{avants2009advanced,
  title="{Advanced Normalization Tools (ANTS)}",
  author={Avants, Brian B. and Tustison, Nick and Song, Gang},
  journal={Insight j},
  volume={2},
  pages={1--35},
  year={2009}
}



@article{glatard2017boutiques,
  title="{Boutiques: A Flexible Framework for Automated Application Integration in Computing Platforms}",
  author={Glatard, Tristan and Kiar, Gregory and Aumentado-Armstrong, Tristan and Beck, Natacha and Bellec, Pierre and Bernard, R{\'e}mi and Bonnet, Axel and Camarasu-Pop, Sorina and Cervenansky, Fr{\'e}d{\'e}ric and Das, Samir and others},
  journal={arXiv preprint arXiv:1711.09713},
  year={2017}
}

%up to 10 names


@inproceedings{Glatard2018hbm,
  title="{Numerical Stability of Motion Estimation in fMRI Time Series}",
  author={Glatard, Tristan and Bellec, Pierre},
  booktitle={Annual Meeting of the Organization for Human Brain Mapping},
  year={2018}
}


@article{oliphant2007scipy,
  title="{SciPy: Open Source Scientific Tools for Python}",
  author={Oliphant, Travis E.},
  journal={Computing in Science and Engineering},
  volume={9},
  number={1},
  pages={10--20},
  year={2007}
}


@article{cox2012afni,
  title="{AFNI: What a Long Strange Trip It's Been}",
  author={Cox, Robert W.},
  journal={Neuroimage},
  volume={62},
  number={2},
  pages={743--747},
  year={2012},
  publisher={Elsevier}
}

@article{fischl2012freesurfer,
  title="{FreeSurfer}",
  author={Fischl, Bruce},
  journal={Neuroimage},
  volume={62},
  number={2},
  pages={774--781},
  year={2012},
  publisher={Elsevier}
}


%%%%%%%%%%%%%%%%%%%%%%%%%%%%%%%%%%%%%

@article{kaur2021analysis,
  title="{An Analysis of Security Vulnerabilities in Container Images for Scientific Data Analysis}",
  author={Kaur, Bhupinder and Dugr{\'e}, Mathieu and Hanna, Aiman and Glatard, Tristan},
  journal={GigaScience},
  volume={10},
  number={6},
  pages={giab025},
  year={2021},
  publisher={Oxford University Press}
}

@article{Glatard2015,
  title="{Reproducibility of Neuroimaging Analyses Across Operating Systems}",
  author={Glatard, Tristan and Lewis, Lindsay B. and Ferreira da Silva, Rafael and Adalat, Reza and Beck, Natacha and Lepage, Claude and Rioux, Pierre and Rousseau, Marc-Etienne and Sherif, Tarek and Deelman, Ewa and others},
  journal={Frontiers in Neuroinformatics},
  volume={9},
  pages={12},
  year={2015}
}

%10 names

@techreport{andersson2007non,
  title="{{Non-Linear Registration, aka Spatial Normalisation FMRIB}}",
  author={Andersson, Jesper LR and Jenkinson, Mark and Smith, Stephen},
  institution={{FMRIB} Analysis Group of the University of Oxford},
  number={TR07JA2},
  year={2007}
}


@article{jenkinson2012fsl,
  title="{{FSL}}",
  author={Jenkinson, Mark and Beckmann, Christian F. and Behrens, Timothy EJ and Woolrich, Mark W. and Smith, Stephen M.},
  journal={Neuroimage},
  volume={62},
  number={2},
  pages={782--790},
  year={2012},
  publisher={Elsevier}
}


@article{esteban2019fmriprep,
  title="{{fMRIPrep}: A Robust Preprocessing Pipeline for Functional {MRI}}",
  author={Esteban, Oscar and Markiewicz, Christopher J. and Blair, Ross W. and Moodie, Craig A. and Isik, A. Ilkay and Erramuzpe, Asier and Kent, James D. and Goncalves, Mathias and DuPre, Elizabeth and Snyder, Madeleine and others},
  journal={Nature Methods},
  volume={16},
  number={1},
  pages={111--116},
  year={2019},
  publisher={Nature Publishing Group}
}

%10 names


@article{botvinik2020variability,
  title="{Variability in the Analysis of a Single Neuroimaging Dataset by Many Teams}",
  author={Botvinik-Nezer, Rotem and Holzmeister, Felix and Camerer, Colin F. and Dreber, Anna and Huber, Juergen and Johannesson, Magnus and Kirchler, Michael and Iwanir, Roni and Mumford, Jeanette A. and Adcock, R. Alison and others},
  journal={Nature},
  volume={582},
  number={7810},
  pages={84--88},
  year={2020},
  publisher={Nature Publishing Group}
}

%10 Names

@article{Gronenschild2012,
author = {Gronenschild, Ed H. B. M. and Habets, Petra and Jacobs, Heidi I. L. and Mengelers, Ron and Rozendaal, Nico and van Os, Jim and Marcelis, Machteld},
journal = {PloS One},
month = Jan,
number = {6},
pages = {e38234},
title = "{The Effects of FreeSurfer Version, Workstation Type, and Macintosh Operating System Version on Anatomical Volume and Cortical Thickness Measurements.}",
volume = {7},
year = {2012}
}

@BOOK{Parker1997-qq,
  title     = "{Monte Carlo Arithmetic: Exploiting Randomness in Floating-Point Arithmetic}",
  author    = "Parker, Douglass Stott",
  publisher = "University of California (Los Angeles). Computer Science Department",
  year      =  1997
}


@INPROCEEDINGS{denis2015verificarlo,
title="{Verificarlo: Checking Floating Point Accuracy through Monte Carlo Arithmetic}",
author={Denis, Christophe and de Oliveira Castro, Pablo  and Petit, Eric},
booktitle={2016 IEEE 23nd Symposium on Computer Arithmetic (ARITH)},
year={2016},
volume={},
number={},
pages={55-62}
}

@inproceedings{chatelain2018veritracer,
  title="{VeriTracer: Context-Enriched Tracer for Floating-Point Arithmetic Analysis}",
  author={Chatelain, Yohan and de Oliveira Castro, Pablo and Petit, Eric and Defour, David and Bieder, Jordan and Torrent, Marc},
  booktitle={2018 IEEE 25th Symposium on Computer Arithmetic (ARITH)},
  pages={61--68},
  year={2018},
  organization={IEEE}
}

@article{benz2012dynamic,
  title="{A Dynamic Program Analysis to Find Floating-Point Accuracy Problems}",
  author={Benz, Florian and Hildebrandt, Andreas and Hack, Sebastian},
  journal={ACM SIGPLAN Notices},
  volume={47},
  number={6},
  pages={453--462},
  year={2012},
  publisher={ACM New York, NY, USA}
}
@inproceedings{fevotte2019debugging,
  title="{Debugging and Optimization of Hpc Programs with the Verrou Tool}",
  author={F{\'e}votte, Fran{\c{c}}ois and Lathuili{\`e}re, Bruno},
  booktitle={2019 IEEE/ACM 3rd International Workshop on Software Correctness for HPC Applications (Correctness)},
  pages={1--10},
  year={2019},
  organization={IEEE}
}

@article{zeller1999yesterday,
  title="{Yesterday, My Program Worked. Today, It Does Not. Why?}",
  author={Zeller, Andreas},
  journal={ACM SIGSOFT Software Engineering Notes},
  volume={24},
  number={6},
  pages={253--267},
  year={1999},
  publisher={ACM New York, NY, USA}
}

@article{zeller2002isolating,
  title="{Isolating Cause-Effect Chains from Computer Programs}",
  author={Zeller, Andreas},
  journal={ACM SIGSOFT Software Engineering Notes},
  volume={27},
  number={6},
  pages={1--10},
  year={2002},
  publisher={ACM New York, NY, USA}
}


@article{hodges1958significance,
  title="{The Significance Probability of the Smirnov Two-Sample Test}",
  author={Hodges, John L.},
  journal={Arkiv f{\"o}r Matematik},
  volume={3},
  number={5},
  pages={469--486},
  year={1958},
  publisher={Springer}
}

@inproceedings{roy2018inherent,
  title="{Inherent Brain Segmentation Quality Control from Fully Convnet Monte Carlo Sampling}",
  author={Roy, Abhijit Guha and Conjeti, Sailesh and Navab, Nassir and Wachinger, Christian},
  booktitle={International Conference on Medical Image Computing and Computer-Assisted Intervention},
  pages={664--672},
  year={2018},
  organization={Springer}
}

@article{bowring2019exploring,
  title="{Exploring the Impact of Analysis Software on Task {fMRI} Results}",
  author={Bowring, Alexander and Maumet, Camille and Nichols, Thomas E.},
  journal={Human Brain Mapping},
  volume={40},
  pages={1--23},
  year={2019},
  publisher={Wiley Online Library}

}

@article{glasser2013,
  title="{The Minimal Preprocessing Pipelines for the {Human Connectome Project}}",
  author={Glasser, Matthew F. and Sotiropoulos, Stamatios N. and Wilson, J. Anthony and Coalson, Timothy S. and Fischl, Bruce and Andersson, Jesper L. and Xu, Junqian and Jbabdi, Saad and Webster, Matthew and Polimeni, Jonathan R. and others},
  journal={Neuroimage},
  volume={80},
  pages={105--124},
  year={2013},
  publisher={Elsevier}
}

%10 names

@article{van2013wu,
  title="{The WU-Minn {Human Connectome Project}: An Overview}",
  author={Van Essen, David C. and Smith, Stephen M. and Barch, Deanna M. and Behrens, Timothy EJ and Yacoub, Essa and Ugurbil, Kamil and Wu-Minn HCP Consortium},
  journal={Neuroimage},
  volume={80},
  pages={62--79},
  year={2013},
  publisher={Elsevier}
}

@article{jenkinson2001global,
  title="{A Global Optimisation Method for Robust Affine Registration of Brain Images}",
  author={Jenkinson, Mark and Smith, Stephen},
  journal={Medical Image Analysis},
  volume={5},
  number={2},
  pages={143--156},
  year={2001},
  publisher={Elsevier}
}

@article{hanke2011neuroscience,
  title="{Neuroscience Runs on GNU/Linux}",
  author={Hanke, Michael and Halchenko, Yaroslav O.},
  journal={Frontiers in Neuroinformatics},
  volume={5},
  pages={8},
  year={2011},
  publisher={Frontiers}
}

@article{perkel2020challenge,
  title="{Challenge to Scientists: Does Your Ten-Year-Old Code Still Run?}",
  author={Perkel, Jeffrey M.},
  journal={Nature},
  volume={584},
  number={7822},
  pages={656--658},
  year={2020}
}

@article{jenkinson2002improved,
  title="{Improved Optimization for the Robust and Accurate Linear Registration and Motion Correction of Brain Images}",
  author={Jenkinson, Mark and Bannister, Peter and Brady, Michael and Smith, Stephen},
  journal={Neuroimage},
  volume={17},
  number={2},
  pages={825--841},
  year={2002},
  publisher={Elsevier}
}

@inproceedings{glasser2011comparison,
  title="{Comparison of Surface Gradients Derived from Myelin Maps and Functional Connectivity Analysis}",
  author={Glasser, MF and Laumann, T. and Coalson, T. and Cohen, A. and Snyder, A. and Schlaggar, B. and Petersen, S. and Van Essen, D.},
  booktitle={Annual Meeting of the Organization for Human Brain Mapping},
  year={2011}
}


@article{kiar2020comparing,
  title="{Comparing Perturbation Models for Evaluating Stability of Neuroimaging Pipelines}",
  author={Kiar, Gregory and de Oliveira Castro, Pablo and Rioux, Pierre and Petit, Eric and Brown, Shawn T. and Evans, Alan C. and Glatard, Tristan},
  journal={The International Journal of High Performance Computing Applications},
  volume={34},
  number={5},
  pages={491--501},
  year={2020},
  publisher={SAGE Publications Sage UK: London, England}
}

@article{salari2020spot,
    author = {Salari, Ali and Kiar, Gregory and Lewis, Lindsay and Evans, Alan C. and Glatard, Tristan},
    title = "{File-Based Localization of Numerical Perturbations in Data Analysis Pipelines}",
    journal = {GigaScience},
    volume = {9},
    number = {12},
    year = {2020},
    month = {12},
    issn = {2047-217X},
}

@article{sohier2021confidence,
  title="{Confidence Intervals for Stochastic Arithmetic}",
  author={Sohier, Devan and Castro, Pablo De Oliveira and F{\'e}votte, Fran{\c{c}}ois and Lathuili{\`e}re, Bruno and Petit, Eric and Jamond, Olivier},
  journal={ACM Transactions on Mathematical Software (TOMS)},
  volume={47},
  number={2},
  pages={1--33},
  year={2021},
  publisher={ACM New York, NY, USA}
}

%%%%%%%%%%%%%%%%%%%%%% CH3

@article{pytracer,
  author = {Chatelain, Yohan and Yong, Nigel and Kiar, Gregory and Glatard, Tristan},
  title = "{{PyTracer}: Automatically Profiling Numerical Instabilities in {P}ython}",
  journal = {arXiv},
  year = 2021,
  volume = {2112.11508}
}

@book{muller2018handbook,
  title="{Handbook of Floating-Point Arithmetic}",
  author={Muller, Jean-Michel and Brisebarre, Nicolas and De Dinechin, Florent and Jeannerod, Claude-Pierre and Lefevre, Vincent and Melquiond, Guillaume and Revol, Nathalie and Stehl{\'e}, Damien and Torres, Serge and others},
  volume={1},
  year={2018},
  publisher={Springer}
}

%10 Names

@article {Li2021.12.01.470790,
	author = {Li, Xinhui and Ai, Lei and Giavasis, Steve and Jin, Hecheng and Feczko, Eric and Xu, Ting and Clucas, Jon and Franco, Alexandre and S{\'o}lon Heinsfeld, Anibal and Adebimpe, Azeez and and others},
	title = "{Moving Beyond Processing and Analysis-Related Variation in Neuroscience}",
	elocation-id = {2021.12.01.470790},
	year = {2021},
	doi = {10.1101/2021.12.01.470790},
	publisher = {Cold Spring Harbor Laboratory},
	abstract = {When fields lack consensus standards and ground truths for their analytic methods, reproducibility tends to be more of an ideal than a reality. Such has been the case for functional neuroimaging, where there exists a sprawling space of tools from which scientists can construct processing pipelines and draw interpretations. We provide a critical evaluation of the impact of differences observed in results across five independently developed functional MRI minimal preprocessing pipelines. We show that even when handling the same exact data, inter-pipeline agreement was only moderate, with the specific steps that contribute to the lack of agreement varying across pipeline comparisons. Using a densely sampled test-retest dataset, we show that the limitations imposed by inter-pipeline agreement mainly become appreciable when the reliability of the underlying data is high. We highlight the importance of comparison among analytic tools and parameters, as both widely debated (e.g., global signal regression) and commonly overlooked (e.g., MNI template version) decisions were each found to lead to marked variation. We provide recommendations for incorporating tool-based variability in functional neuroimaging analyses and a supporting infrastructure.Competing Interest StatementThe authors have declared no competing interest.},
	URL = {https://www.biorxiv.org/content/early/2021/12/03/2021.12.01.470790},
	eprint = {https://www.biorxiv.org/content/early/2021/12/03/2021.12.01.470790.full.pdf},
	journal = {bioRxiv}
}


%10 names

@article{feczko2021adolescent,
  title="{Adolescent Brain Cognitive Development (ABCD) Community MRI Collection and Utilities}",
  author={Feczko, Eric and Conan, Greg and Marek, Scott and Tervo-Clemmens, Brenden and Cordova, Michaela and Doyle, Olivia and Earl, Eric and Perrone, Anders and Sturgeon, Darrick and Klein, Rachel and others},
  journal={bioRxiv},
  year={2021},
  publisher={Cold Spring Harbor Laboratory}
}

%10 names

@article{xu2015connectome,
  title="{A Connectome Computation System for Discovery Science of Brain}",
  author={Xu, Ting and Yang, Zhi and Jiang, Lili and Xing, Xiu-Xia and Zuo, Xi-Nian},
  journal={Science Bulletin},
  volume={60},
  number={1},
  pages={86--95},
  year={2015},
  publisher={Elsevier}
}

@article{craddock2013towards,
  title="{Towards Automated Analysis of Connectomes: The Configurable Pipeline for the Analysis of Connectomes (c-pac)}",
  author={Craddock, Cameron and Sikka, Sharad and Cheung, Brian and Khanuja, Ranjeet and Ghosh, Satrajit S and Yan, Chaogan and Li, Qingyang and Lurie, Daniel and Vogelstein, Joshua and Burns, Randal and others},
  journal={Front Neuroinform},
  volume={42},
  pages={10--3389},
  year={2013}
}

%10 names

@article{yan2010dparsf,
  title="{DPARSF: A Matlab Toolbox for" Pipeline" Data Analysis of Resting-State fMRI}",
  author={Yan, Chaogan and Zang, Yufeng},
  journal={Frontiers in Systems Neuroscience},
  volume={4},
  pages={13},
  year={2010},
  publisher={Frontiers}
}


@article{schonberg2012decreasing,
  title="{Decreasing Ventromedial Prefrontal Cortex Activity During Sequential Risk-Taking: An {fMRI} Investigation of the Balloon Analog Risk Task}",
  author={Schonberg, Tom and Fox, Craig R. and Mumford, Jeanette A. and Congdon, Eliza and Trepel, Christopher and Poldrack, Russell A.},
  journal={Frontiers in Neuroscience},
  volume={6},
  pages={80},
  year={2012},
  publisher={Frontiers}
}
@unpublished{zimmermann:hal-03141101,
  TITLE = "{Accuracy of Mathematical Functions in Single, Double, Extended Double and Quadruple Precision}",
  AUTHOR = {Zimmermann, Paul},
  URL = {https://hal.inria.fr/hal-03141101},
  NOTE = {Working Paper or Preprint, hal-03141101},
  YEAR = {2021},
  MONTH = Feb,
  PDF = {https://hal.inria.fr/hal-03141101/file/accuracy.pdf},
  HAL_ID = {hal-03141101},
  HAL_VERSION = {v1},
}


@article{lejuez2002evaluation,
  title="{Evaluation of a Behavioral Measure of Risk Taking: The Balloon Analogue Risk Task (BART)}",
  author={Lejuez, Carl W. and Read, Jennifer P. and Kahler, Christopher W. and Richards, Jerry B. and Ramsey, Susan E. and Stuart, Gregory L. and Strong, David R. and Brown, Richard A.},
  journal={Journal of Experimental Psychology: Applied},
  volume={8},
  number={2},
  pages={75},
  year={2002},
  publisher={American Psychological Association}
}

@article{bowring2021isolating,
  title="{Isolating the Sources of Pipeline‐Variability in Group‐Level Task-{fMRI} Results}",
  author={Bowring, Alexander and Nichols, Thomas E. and Maumet, Camille},
  journal={Human Brain Mapping},
  year={2021},
  publisher={Wiley Online Library}
}

@incollection{salari2021accurate,
  title="{Accurate Simulation of Operating System Updates in Neuroimaging Using Monte-Carlo arithmetic}",
  author={Salari, Ali and Chatelain, Yohan and Kiar, Gregory and Glatard, Tristan},
  booktitle={Uncertainty for Safe Utilization of Machine Learning in Medical Imaging, and Perinatal Imaging, Placental and Preterm Image Analysis},
  pages={14--23},
  year={2021},
  publisher={Springer}
}

@article{glasser2016multi,
  title="{A Multi-Modal Parcellation of Human Cerebral Cortex}",
  author={Glasser, Matthew F. and Coalson, Timothy S. and Robinson, Emma C. and Hacker, Carl D. and Harwell, John and Yacoub, Essa and Ugurbil, Kamil and Andersson, Jesper and Beckmann, Christian F. and Jenkinson, Mark and others},
  journal={Nature},
  volume={536},
  number={7615},
  pages={171--178},
  year={2016},
  publisher={Nature Publishing Group}
}

@book{penny2011statistical,
  title="{Statistical Parametric Mapping: The Analysis of Functional Brain Images}",
  author={Penny, William D. and Friston, Karl J. and Ashburner, John T. and Kiebel, Stefan J. and Nichols, Thomas E.},
  year={2011},
  publisher={Elsevier}
}


@article{kiar2021data,
  title="{Data Augmentation through Monte Carlo Arithmetic Leads to More Generalizable Classification in Connectomics}",
  author={Kiar, Gregory and Chatelain, Yohan and Salari, Ali and Evans, Alan C. and Glatard, Tristan},
  journal={Neurons, Behavior, Data analysis, and Theory},
  year={2021}
}

@article{bhagwat2021understanding,
  title="{Understanding the Impact of Preprocessing Pipelines on Neuroimaging Cortical Surface Analyses}",
  author={Bhagwat, Nikhil and Barry, Amadou and Dickie, Erin W. and Brown, Shawn T. and Devenyi, Gabriel A. and Hatano, Koji and DuPre, Elizabeth and Dagher, Alain and Chakravarty, Mallar and Greenwood, Celia MT and others},
  journal={GigaScience},
  volume={10},
  number={1},
  pages={giaa155},
  year={2021},
  publisher={Oxford University Press}
}
% 10 Names

@article{carp2012plurality,
  title="{On the Plurality of (Methodological) Worlds: Estimating the Analytic Flexibility of fMRI Experiments}",
  author={Carp, Joshua},
  journal={Frontiers in Neuroscience},
  volume={6},
  pages={149},
  year={2012},
  publisher={Frontiers}
}

@article{freitas2002issue,
  title="{The Issue of Numerical Uncertainty}",
  author={Freitas, Christopher J.},
  journal={Applied Mathematical Modelling},
  volume={26},
  number={2},
  pages={237--248},
  year={2002},
  publisher={Elsevier}
}

@article{kiar2020numerical,
  title="{Numerical Uncertainty in Analytical Pipelines Lead to Impactful Variability in Brain Networks}",
  author={Kiar, Gregory and Chatelain, Yohan and de Oliveira Castro, Pablo and Petit, Eric and Rokem, Ariel and Varoquaux, Gael and Misic, Bratislav and Evans, Alan C. and Glatard, Tristan},
  journal={PloS One},
  number=11,
  volume=16,
  year={2021}
}

@phdthesis{balkesen2014memory,
  title={In-memory Parallel Join Processing on Multi-Core Processors},
  author={Balkesen, Cagri},
  year={2014},
  publisher={Doctoral dissertation, ETH Zurich},
  doi = {https://www.research-collection.ethz.ch/handle/20.500.11850/85088}

}
